@string{CVPR = "IEEE/CVF Conference on Computer Vision and Pattern Recognition (CVPR)"}
@String{CVPRW      = {IEEE/CVF Conference on Computer Vision and Pattern Recognition (CVPR) Workshops}}
@string{ICCV = "IEEE International Conference on Computer Vision (ICCV)"}
@string{ECCV = "European Conference on Computer Vision (ECCV)"}
@string{CORR = "CoRR"}
@string{ICML = "International Conference on Machine Learning (ICML)"}
@string{IJCV = "International Journal of Computer Vision (IJCV)"}
@string{IROS = "International Conference on Intelligent Robots and Systems (IROS)"}




@article{mehrabian1967decoding,
  title={Decoding of inconsistent communications.},
  author={Mehrabian, Albert and Wiener, Morton},
  journal={Journal of personality and social psychology},
  year={1967},
  publisher={American Psychological Association}
}

@article{Lapakko2015CommunicationI9,
  title={Communication is 93\% Nonverbal: An Urban Legend Proliferates},
  author={David Lapakko},
  journal={Communication and Theater Association of Minnesota Journal},
  year={2015},
  url={https://api.semanticscholar.org/CorpusID:147007408}
}

@incollection{test,
  doi = {10.1007/978-3-030-77726-5_3},
  year = {2022},
  publisher = {Springer International Publishing},
  pages = {51--83},
  author = {Martina Mara and Kathrin Meyer},
  title = {Acceptance of Autonomous Vehicles: An Overview of User-Specific,  Car-Specific and Contextual Determinants},
  booktitle = {Studies in Computational Intelligence}
}

@misc{paperswithcodeaff,
  title={Facial Expression Recognition on AffectNet},
  author={Papers With Code},
  howpublished={\url{https://paperswithcode.com/sota/facial-expression-recognition-on-affectnet}},
    year={2024}
}

@misc{paperswithcodeemotop3,
  title={Emotion Recognition on EMOTIC},
  author={Papers With Code},
  howpublished={\url{https://paperswithcode.com/sota/emotion-recognition-on-emotic}}, year={2024}
}

@article{khan2024focusclip,
      title={FocusCLIP: Multimodal Subject-Level Guidance for Zero-Shot Transfer in Human-Centric Tasks}, 
      author={Muhammad Saif Ullah Khan and Muhammad Ferjad Naeem and Federico Tombari and Luc Van Gool and Didier Stricker and Muhammad Zeshan Afzal},
      year={2024},
      journal   = CORR,
}

@misc{paperswithcodeemo,
  title={Facial Expression Recognition on EMOTIC},
  author={Papers With Code},
  howpublished={\url{https://paperswithcode.com/sota/emotion-recognition-in-context-on-emotic}}, year={2024}
}

@misc{pytorchmaxvit,
  title={Models and pre-trained weights - MaxViT: Multi-Axis Vision Transformer},
  author={PyTorch},
  howpublished={\url{https://pytorch.org/vision/main/models/maxvit.html}}, year={2024}
}



@article{Lee_2019_ICCV,
    author = {Lee, Jiyoung and Kim, Seungryong and Kim, Sunok and Park, Jungin and Sohn, Kwanghoon},
    title = {Context-Aware Emotion Recognition Networks},
    booktitle = ICCV,
    year = {2019}
}

@article{bulat2022pretraining,
      title={Pre-training strategies and datasets for facial representation learning}, 
      author={Adrian Bulat and Shiyang Cheng and Jing Yang and Andrew Garbett and Enrique Sanchez and Georgios Tzimiropoulos},
      year={2022},
journal   = CORR,
}

@article{Kosti_2019,
   title={Context Based Emotion Recognition using EMOTIC Dataset},
   ISSN={1939-3539},
   url={http://dx.doi.org/10.1109/TPAMI.2019.2916866},
   DOI={10.1109/tpami.2019.2916866},
   journal={IEEE Transactions on Pattern Analysis and Machine Intelligence},
   publisher={Institute of Electrical and Electronics Engineers (IEEE)},
   author={Kosti, Ronak and Alvarez, Jose and Recasens, Adria and Lapedriza, Agata},
   year={2019},
   pages={1â€“1} }

@article{mittal2020emoticon,
      title={EmotiCon: Context-Aware Multimodal Emotion Recognition using Frege's Principle}, 
      author={Trisha Mittal and Pooja Guhan and Uttaran Bhattacharya and Rohan Chandra and Aniket Bera and Dinesh Manocha},
      year={2020},
    journal   = CORR,
}

@article{mollahosseini2017affectnet,
  title={AffectNet: A New Database for Facial Expression, Valence, and Arousal Computation in the Wild},
  author={Mollahosseini, Ali and Hasani, Behzad and Mahoor, Mohammad H.},
  journal={IEEE Transactions on Affective Computing},
  year={2017},
  publisher={IEEE}
}

@article{emotic_pami2019,
  title={Context based emotion recognition using emotic dataset},
  author={Kosti, Ronak and Alvarez, Jose and Recasens, Adria and Lapedriza, Agata},
  journal={IEEE Transactions on Pattern Analysis and Machine Intelligence},
  year={2019},
  publisher={IEEE}
}

@article{EkoAgus, 
title = {Evaluating perceived safety of autonomous vehicle: The influence of privacy and cybersecurity to cognitive and emotional safety}
,
journal = {IATSS Research},
volume = {47},
number = {2},
pages = {160-170},
year = {2023},
issn = {0386-1112},
doi = {https://doi.org/10.1016/j.iatssr.2023.06.001},
url = {https://www.sciencedirect.com/science/article/pii/S0386111223000262},
author = {Eko Agus Prasetio and Cintia Nurliyana},
keywords = {Autonomous vehicle, Cognitive, Cyber security, Emotional, Perceived safety},
}

@article{rusellmodell,
author = {Russell, James},
year = {1980},
title = {A Circumplex Model of Affect},
journal = {Journal of Personality and Social Psychology},
}

@Article{electronics12173595,
AUTHOR = {Zhang, Saining and Zhang, Yuhang and Zhang, Ye and Wang, Yufei and Song, Zhigang},
TITLE = {A Dual-Direction Attention Mixed Feature Network for Facial Expression Recognition},
JOURNAL = {Electronics},
YEAR = {2023},
}

@article{chen2023static,
      title={From Static to Dynamic: Adapting Landmark-Aware Image Models for Facial Expression Recognition in Videos}, 
      author={Yin Chen and Jia Li and Shiguang Shan and Meng Wang and Richang Hong},
      year={2023},
    journal   = CORR
}

@article{mao2023poster,
      title={POSTER++: A simpler and stronger facial expression recognition network}, 
      author={Jiawei Mao and Rui Xu and Xuesong Yin and Yuanqi Chang and Binling Nie and Aibin Huang},
      year={2023},
        journal   = CORR,
}

@ARTICLE{9815154,
  author={Savchenko, Andrey V. and Savchenko, Lyudmila V. and Makarov, Ilya},
  journal={IEEE Transactions on Affective Computing}, 
  title={Classifying Emotions and Engagement in Online Learning Based on a Single Facial Expression Recognition Neural Network}, 
  year={2022},
}

@article{RYUMINA2022435,
title = {In search of a robust facial expressions recognition model: A large-scale visual cross-corpus study},
journal = {Neurocomputing},
year = {2022},
author = {Elena Ryumina and Denis Dresvyanskiy and Alexey Karpov},
}

@inproceedings{Antoniadis_2021,
   title={Exploiting Emotional Dependencies with Graph Convolutional Networks for Facial Expression Recognition},
   booktitle={IEEE International Conference on Automatic Face and Gesture Recognition},
   publisher={IEEE},
   author={Antoniadis, Panagiotis and Filntisis, Panagiotis Paraskevas and Maragos, Petros},
   year={2021},
   month=dec }

@article{tu2022maxvit,
      title={MaxViT: Multi-Axis Vision Transformer}, 
      author={Zhengzhong Tu and Hossein Talebi and Han Zhang and Feng Yang and Peyman Milanfar and Alan Bovik and Yinxiao Li},
      year={2022},
        journal   = CORR,
}


@inproceedings{kosti_emotic_2017,
	title = {{EMOTIC}: {Emotions} in {Context} {Dataset}},
	shorttitle = {{EMOTIC}},
	author = {Kosti, Ronak and Alvarez, Jose M. and Recasens, Adria and Lapedriza, Agata},
	year = {2017},
	booktitle=CVPRW,
}

@InProceedings{Li_2017_CVPR,
author = {Li, Shan and Deng, Weihong and Du, JunPing},
title = {Reliable Crowdsourcing and Deep Locality-Preserving Learning for Expression Recognition in the Wild},
booktitle = CVPR,
year = {2017}
}

@INPROCEEDINGS{5543262,
  author={Lucey, Patrick and Cohn, Jeffrey F. and Kanade, Takeo and Saragih, Jason and Ambadar, Zara and Matthews, Iain},
  booktitle=CVPRW, 
  title={The Extended Cohn-Kanade Dataset (CK+): A complete dataset for action unit and emotion-specified expression}, 
  year={2010},
}

@dataset{lyons_2019_3451524,
  author       = {Lyons, Michael and
                  Kamachi, Miyuki and
                  Gyoba, Jiro},
  title        = {{The Japanese Female Facial Expression (JAFFE) 
                   Dataset}},
  month        = sep,
  year         = 2019,
  publisher    = {Zenodo},
  doi          = {10.5281/zenodo.3451524},
  url          = {https://doi.org/10.5281/zenodo.3451524}
}

@inproceedings{barsoum_training_2016,
	title = {Training deep networks for facial expression recognition with crowd-sourced label distribution},
	urldate = {2024-03-08},
	booktitle = {{International} {Conference} on {Multimodal} {Interaction}},
	publisher = {Association for Computing Machinery},
	author = {Barsoum, Emad and Zhang, Cha and Ferrer, Cristian Canton and Zhang, Zhengyou},
	year = {2016},
}

@inproceedings{goodfellow_challenges_2013,
  title={Challenges in representation learning: A report on three machine learning contests},
  author={Goodfellow, Ian J and Erhan, Dumitru and Carrier, Pierre Luc and Courville, Aaron and Mirza, Mehdi and Hamner, Ben and Cukierski, Will and Tang, Yichuan and Thaler, David and Lee, Dong-Hyun and others},
  booktitle={International Conference, on Neural Information Processing (ICONIP)},
  year={2013},
  organization={Springer}
}

@article{kollias2019affwild2,
      title={Aff-Wild2: Extending the Aff-Wild Database for Affect Recognition}, 
      author={Dimitrios Kollias and Stefanos Zafeiriou},
      year={2019},
      journal=CORR,
}

@article{kollias20246th, title={The 6th Affective Behavior Analysis in-the-wild (ABAW) Competition}, 
    author={Kollias, Dimitrios and Tzirakis, Panagiotis and Cowen, Alan and Zafeiriou, Stefanos and Shao, Chunchang and Hu, Guanyu}, 
    journal   = CORR, 
    year={2024}}

@inproceedings{kollias2023abaw2, 
    title={Abaw: Valence-arousal estimation, expression recognition, action unit detection \& emotional reaction intensity estimation challenges}, 
    author={Kollias, Dimitrios and Tzirakis, Panagiotis and Baird, Alice and Cowen, Alan and Zafeiriou, Stefanos},      
    booktitle=CVPR, 
    year={2023}
}

@inproceedings{kollias2023multi, title={Multi-Label Compound Expression Recognition: C-EXPR Database \& Network}, author={Kollias, Dimitrios}, booktitle=CVPR, year={2023}}

@inproceedings{kollias2023abaw, title={ABAW: learning from synthetic data \& multi-task learning challenges}, author={Kollias, Dimitrios}, booktitle=ECCV, year={2023}, organization={Springer} }

@inproceedings{kollias2022abaw, title={Abaw: Valence-arousal estimation, expression recognition, action unit detection \& multi-task learning challenges}, author={Kollias, Dimitrios}, booktitle=CVPR, year={2022} }

@inproceedings{kollias2021analysing, title={Analysing affective behavior in the second abaw2 competition}, author={Kollias, Dimitrios and Zafeiriou, Stefanos}, booktitle=ICCV, year={2021}}

@article{kollias2021affect, title={Affect Analysis in-the-wild: Valence-Arousal, Expressions, Action Units and a Unified Framework}, author={Kollias, Dimitrios and Zafeiriou, Stefanos}, 
    journal=CORR, year={2021}}

@article{kollias2021distribution, title={Distribution Matching for Heterogeneous Multi-Task Learning: a Large-scale Face Study}, author={Kollias, Dimitrios and Sharmanska, Viktoriia and Zafeiriou, Stefanos}, journal=CORR, year={2021} }

@inproceedings{kollias2020analysing, 
    title={Analysing Affective Behavior in the First ABAW 2020 Competition}, 
    author={Kollias, D and Schulc, A and Hajiyev, E and Zafeiriou, S}, 
    booktitle={IEEE International Conference on Automatic Face and Gesture Recognition},
    year={2020}}

@article{kollias_expression_2019,
	title = {Expression, {Affect}, {Action} {Unit} {Recognition}: {Aff}-{Wild2}, {Multi}-{Task} {Learning} and {ArcFace}},
	journal=CORR,
	author = {Kollias, Dimitrios and Zafeiriou, Stefanos},
	year = {2019},
}

@article{kollias2019deep, title={Deep affect prediction in-the-wild: Aff-wild database and challenge, deep architectures, and beyond}, author={Kollias, Dimitrios and Tzirakis, Panagiotis and Nicolaou, Mihalis A and Papaioannou, Athanasios and Zhao, Guoying and Schuller, Bj{\"o}rn and Kotsia, Irene and Zafeiriou, Stefanos}, journal=IJCV, year={2019}, publisher={Springer} }

@article{kollias2019face,title={Face Behavior a la carte: Expressions, Affect and Action Units in a Single Network}, author={Kollias, Dimitrios and Sharmanska, Viktoriia and Zafeiriou, Stefanos}, journal=CORR, year={2019}}

@inproceedings{zafeiriou2017aff, title={Aff-wild: Valence and arousal â€˜in-the-wildâ€™challenge}, author={Zafeiriou, Stefanos and Kollias, Dimitrios and Nicolaou, Mihalis A and Papaioannou, Athanasios and Zhao, Guoying and Kotsia, Irene}, 
    booktitle=CVPRW, 
    year={2017}, organization={IEEE} }

@InProceedings{Zafeiriou_2017_CVPR_Workshops,
    author = {Zafeiriou, Stefanos and Kollias, Dimitrios and Nicolaou, Mihalis A. and Papaioannou, Athanasios and Zhao, Guoying and Kotsia, Irene},
    title = {Aff-Wild: Valence and Arousal 'In-The-Wild' Challenge},
    booktitle = CVPRW,
    year = {2017}
}

@article{hwooi_deep_2022,
	title = {Deep {Learning}-{Based} {Approach} for {Continuous} {Affect} {Prediction} {From} {Facial} {Expression} {Images} in {Valence}-{Arousal} {Space}},
	journal = {IEEE Access},
	author = {Hwooi, Stephen Khor Wen and Othmani, Alice and Sabri, Aznul Qalid Md.},
	year = {2022},
}

@article{barretetal2019,
    author = {Lisa Feldman Barrett and Ralph Adolphs and Stacy Marsella and Aleix M. Martinez and Seth D. Pollak},
    title ={Emotional Expressions Reconsidered: Challenges to Inferring Emotion From Human Facial Movements},
    journal = {Psychological Science in the Public Interest},
    year = {2019},
}

@article{loshchilov2017decoupled,
  title={Decoupled weight decay regularization},
  author={Loshchilov, Ilya and Hutter, Frank},
  journal=CORR,
  year={2017}
}


@inproceedings{he2016deep,
  author    = {Kaiming He and
               Xiangyu Zhang and
               Shaoqing Ren and
               Jian Sun},
  title     = {Deep Residual Learning for Image Recognition},
  booktitle = CVPR,
  publisher = {IEEE},
  year      = {2016},
}

@inproceedings{huang2017densely,
  title={Densely connected convolutional networks},
  author={Huang, Gao and Liu, Zhuang and Van Der Maaten, Laurens and Weinberger, Kilian Q},
  booktitle=CVPR,
  year={2017}
}

@inproceedings{rudovic2018culturenet,
  title={CultureNet: a deep learning approach for engagement intensity estimation from face images of children with autism},
  author={Rudovic, Ognjen and Utsumi, Yuria and Lee, Jaeryoung and Hernandez, Javier and Ferrer, Eduardo Castell{\'o} and Schuller, Bj{\"o}rn and Picard, Rosalind W},
  booktitle=IROS,
  year={2018},
  organization={IEEE}
}


@inproceedings{tan2021efficientnetv2,
  title={Efficientnetv2: Smaller models and faster training},
  author={Tan, Mingxing and Le, Quoc},
  booktitle=ICML,
  year={2021},
  organization={PMLR}
}

@inproceedings{deng2009imagenet,
  title={Imagenet: A large-scale hierarchical image database},
  author={Deng, Jia and Dong, Wei and Socher, Richard and Li, Li-Jia and Li, Kai and Fei-Fei, Li},
  booktitle=CVPR,
  year={2009},
  organization={IEEE}
}

@inproceedings{liu2021swin,
  title={Swin transformer: Hierarchical vision transformer using shifted windows},
  author={Liu, Ze and Lin, Yutong and Cao, Yue and Hu, Han and Wei, Yixuan and Zhang, Zheng and Lin, Stephen and Guo, Baining},
  booktitle=CVPR,
  year={2021}
}

@inproceedings{sandler2018mobilenetv2,
  title={Mobilenetv2: Inverted residuals and linear bottlenecks},
  author={Sandler, Mark and Howard, Andrew and Zhu, Menglong and Zhmoginov, Andrey and Chen, Liang-Chieh},
  booktitle={Proceedings of the IEEE conference on computer vision and pattern recognition},
  pages={4510--4520},
  year={2018}
}


@article{loshchilov2016sgdr,
  title={Sgdr: Stochastic gradient descent with warm restarts},
  author={Loshchilov, Ilya and Hutter, Frank},
  journal=CORR,
  year={2016}
}
